<record><leader>00000cas a22000007a 4500</leader><controlfield tag="001">27046135</controlfield><controlfield tag="008">921201d18911uuucauwr ne      0    0eng d</controlfield><datafield ind1=" " ind2=" " tag="010"><subfield code="a">sn 92068968 </subfield></datafield><datafield ind1=" " ind2=" " tag="040"><subfield code="a">CUY</subfield><subfield code="b">eng</subfield><subfield code="c">CNK</subfield><subfield code="d">OCLCQ</subfield></datafield><datafield ind1=" " ind2=" " tag="042"><subfield code="a">msc</subfield></datafield><datafield ind1="0" ind2=" " tag="130"><subfield code="a">Weekly Californian (Bakersfield, Calif.)</subfield></datafield><datafield ind1="1" ind2="4" tag="245"><subfield code="a">The weekly Californian.</subfield></datafield><datafield ind1="1" ind2="7" tag="246"><subfield code="a">Weekly Californian, Bakersfield</subfield></datafield><datafield ind1=" " ind2=" " tag="260"><subfield code="a">Bakersfield, Kern County, Cal. :</subfield><subfield code="b">A.C. Maude</subfield></datafield><datafield ind1=" " ind2=" " tag="300"><subfield code="a">v.</subfield></datafield><datafield ind1=" " ind2=" " tag="310"><subfield code="a">Weekly</subfield></datafield><datafield ind1="0" ind2=" " tag="362"><subfield code="a">Vol. 26, no. 15 (Apr. 11, 1891)-</subfield></datafield><datafield ind1=" " ind2="4" tag="651"><subfield code="a">Kern County (Calif.)</subfield><subfield code="v">Newspapers.</subfield></datafield><datafield ind1=" " ind2=" " tag="752"><subfield code="a">United States</subfield><subfield code="b">California</subfield><subfield code="c">Kern</subfield><subfield code="d">Bakersfield.</subfield></datafield><datafield ind1="0" ind2=" " tag="775"><subfield code="t">Daily Californian (Bakersfield, Calif.)</subfield><subfield code="w">(DLC)sn 92068973</subfield></datafield><datafield ind1="0" ind2="0" tag="780"><subfield code="t">Kern County Californian</subfield><subfield code="w">(DLC)sn 85066492</subfield></datafield><datafield ind1="1" ind2=" " tag="029"><subfield code="a">AU@</subfield><subfield code="b">000020735475</subfield></datafield></record>